<collection xmlns="http://www.loc.gov/MARC21/slim">
<record>
  <leader>02826nam0a22004211i 450 </leader>
  <controlfield tag="001">IT\ICCU\CNCE\041068</controlfield>
  <controlfield tag="005">20080616000000.0</controlfield>
  <datafield tag="012" ind1=" " ind2=" ">
    <subfield code="a">s-lo a.er a.al **pr (3) 1564 (R)</subfield>
    <subfield code="2">fei</subfield>
  </datafield>
  <datafield tag="100" ind1=" " ind2=" ">
    <subfield code="a">19981123d1564        0itac0103    ba</subfield>
  </datafield>
  <datafield tag="101" ind1=" " ind2=" ">
    <subfield code="a">LAT</subfield>
  </datafield>
  <datafield tag="102" ind1=" " ind2=" ">
    <subfield code="a">IT</subfield>
  </datafield>
  <datafield tag="200" ind1="1" ind2=" ">
    <subfield code="a">℗La ℗geografia di Claudio Tolomeo alessandrino, nuouamente tradotta di greco in italiano, da Ieronimo Ruscelli, con Espositioni del medesimo, particolari di luogo in luogo, ... Et con nuoue &amp; bellissime figure in istampe di rame, oue, oltre alle 26 antiche di Tolomeo, se ne son&apos;aggiunte 36 altre delle moderne. Con la carta da nauicare, &amp; col modo d&apos;intenderla, &amp; d&apos;adoperarla. Aggiuntoui vn pieno discorso di m. Gioseppe Moleto matematico. Nel quale si dichiarano tutti i termini &amp; le regole appartenenti allageografia. Et con vna nuoua &amp; copiosa tauola ...</subfield>
  </datafield>
  <datafield tag="210" ind1=" " ind2=" ">
    <subfield code="a">In Venetia</subfield>
    <subfield code="c">appresso Giordano Ziletti</subfield>
    <subfield code="d">al Segno della Stella</subfield>
    <subfield code="d">1564</subfield>
  </datafield>
  <datafield tag="215" ind1=" " ind2=" ">
    <subfield code="a">3 pt. (\12!, 358, \2! p., 27 c. di tav. doppie; \28! c., 37 c. di tav. doppie; 47, \44! p.</subfield>
    <subfield code="d">4ʻ</subfield>
  </datafield>
  <datafield tag="300" ind1=" " ind2=" ">
    <subfield code="a">2: Espositioni et introduttioni vniuersali, di Girolamo Ruscelli sopra tutta la Geografia di Tolomeo. - 3: Discorso vniuersale di m. Gioseppe Moleto</subfield>
  </datafield>
  <datafield tag="620" ind1=" " ind2=" ">
    <subfield code="a">IT</subfield>
    <subfield code="d">Venezia</subfield>
  </datafield>
  <datafield tag="700" ind1=" " ind2="1">
    <subfield code="a">Ptolemaeus,</subfield>
    <subfield code="b">Claudius</subfield>
    <subfield code="c"> &lt;100-ca. 178&gt;</subfield>
    <subfield code="3">IT\ICCU\CNCA\000300</subfield>
  </datafield>
  <datafield tag="702" ind1=" " ind2="1">
    <subfield code="a">Moleto,</subfield>
    <subfield code="b">Giuseppe</subfield>
    <subfield code="3">IT\ICCU\CNCA\008475</subfield>
  </datafield>
  <datafield tag="702" ind1=" " ind2="1">
    <subfield code="a">Ruscelli,</subfield>
    <subfield code="b">Girolamo</subfield>
    <subfield code="3">IT\ICCU\CNCA\000226</subfield>
  </datafield>
  <datafield tag="712" ind1="0" ind2="0">
    <subfield code="a">Ziletti, Giordano</subfield>
    <subfield code="c"> &lt;1.&gt;</subfield>
    <subfield code="3">IT\ICCU\CNCT\000281</subfield>
    <subfield code="4">650</subfield>
  </datafield>
  <datafield tag="790" ind1=" " ind2="1">
    <subfield code="a">Tolomeo,</subfield>
    <subfield code="b">Claudio</subfield>
    <subfield code="3">IT\ICCU\CNCA\014958</subfield>
    <subfield code="z">Ptolemaeus, Claudius &lt;100-ca. 178&gt;</subfield>
  </datafield>
  <datafield tag="790" ind1=" " ind2="1">
    <subfield code="a">Moletti,</subfield>
    <subfield code="b">Giuseppe</subfield>
    <subfield code="3">IT\ICCU\CNCA\017826</subfield>
    <subfield code="z">Moleto, Giuseppe</subfield>
  </datafield>
  <datafield tag="790" ind1=" " ind2="1">
    <subfield code="a">Moleti,</subfield>
    <subfield code="b">Giuseppe</subfield>
    <subfield code="3">IT\ICCU\CNCA\021628</subfield>
    <subfield code="z">Moleto, Giuseppe</subfield>
  </datafield>
  <datafield tag="790" ind1=" " ind2="1">
    <subfield code="a">Moletius,</subfield>
    <subfield code="b">Iosephus</subfield>
    <subfield code="3">IT\ICCU\CNCA\021629</subfield>
    <subfield code="z">Moleto, Giuseppe</subfield>
  </datafield>
  <datafield tag="790" ind1=" " ind2="0">
    <subfield code="a">Alessio</subfield>
    <subfield code="c"> : Piemontese</subfield>
    <subfield code="3">IT\ICCU\CNCA\007018</subfield>
    <subfield code="z">Ruscelli, Girolamo</subfield>
  </datafield>
  <datafield tag="791" ind1="0" ind2="2">
    <subfield code="a">℗ex officina ℗Stellae</subfield>
    <subfield code="c"> &lt;Venezia&gt;</subfield>
    <subfield code="3">IT\ICCU\CNCT\003599</subfield>
    <subfield code="z">Ziletti, Giordano &lt;1.&gt;</subfield>
  </datafield>
  <datafield tag="791" ind1="0" ind2="2">
    <subfield code="a">℗al segno della ℗Stella</subfield>
    <subfield code="c"> &lt;Venezia&gt;</subfield>
    <subfield code="3">IT\ICCU\CNCT\003600</subfield>
    <subfield code="z">Ziletti, Giordano &lt;1.&gt;</subfield>
  </datafield>
  <datafield tag="791" ind1="0" ind2="0">
    <subfield code="a">Ziletus, Iordanus</subfield>
    <subfield code="c"> &lt;1.&gt;</subfield>
    <subfield code="3">IT\ICCU\CNCT\004190</subfield>
    <subfield code="z">Ziletti, Giordano &lt;1.&gt;</subfield>
  </datafield>
  <datafield tag="791" ind1="0" ind2="0">
    <subfield code="a">Zilletus, Iordanus</subfield>
    <subfield code="c"> &lt;1.&gt;</subfield>
    <subfield code="3">IT\ICCU\CNCT\004191</subfield>
    <subfield code="z">Ziletti, Giordano &lt;1.&gt;</subfield>
  </datafield>
  <datafield tag="791" ind1="0" ind2="0">
    <subfield code="a">Zilettus, Iordanus</subfield>
    <subfield code="c"> &lt;1.&gt;</subfield>
    <subfield code="3">IT\ICCU\CNCT\005831</subfield>
    <subfield code="z">Ziletti, Giordano &lt;1.&gt;</subfield>
  </datafield>
  <datafield tag="791" ind1="0" ind2="0">
    <subfield code="a">Zillettus, Iordanus</subfield>
    <subfield code="c"> &lt;1.&gt;</subfield>
    <subfield code="3">IT\ICCU\CNCT\005832</subfield>
    <subfield code="z">Ziletti, Giordano &lt;1.&gt;</subfield>
  </datafield>
  <datafield tag="791" ind1="0" ind2="0">
    <subfield code="a">Zileti, Giordano</subfield>
    <subfield code="c"> &lt;1.&gt;</subfield>
    <subfield code="3">IT\ICCU\CNCT\005833</subfield>
    <subfield code="z">Ziletti, Giordano &lt;1.&gt;</subfield>
  </datafield>
  <datafield tag="801" ind1=" " ind2="3">
    <subfield code="a">IT</subfield>
    <subfield code="b">ICCU</subfield>
    <subfield code="c">20201114</subfield>
  </datafield>
  <datafield tag="899" ind1=" " ind2=" ">
    <subfield code="a">Biblioteca civica di Mondov. Mondov</subfield>
    <subfield code="1">CN0065</subfield>
    <subfield code="2">TO0 55</subfield>
  </datafield>
  <datafield tag="899" ind1=" " ind2=" ">
    <subfield code="a">Biblioteca civica. Padova</subfield>
    <subfield code="1">PD0090</subfield>
    <subfield code="2">PUV 55</subfield>
  </datafield>
  <datafield tag="899" ind1=" " ind2=" ">
    <subfield code="a">Biblioteca Casanatense. Roma</subfield>
    <subfield code="1">RM0313</subfield>
    <subfield code="2">RML 07</subfield>
  </datafield>
  <datafield tag="899" ind1=" " ind2=" ">
    <subfield code="a">Biblioteca civica Girolamo Tartarotti. Rovereto</subfield>
    <subfield code="1">TN0103</subfield>
    <subfield code="2">ZTN 08</subfield>
  </datafield>
  <datafield tag="899" ind1=" " ind2=" ">
    <subfield code="a">British Library. London</subfield>
    <subfield code="1">UK0001</subfield>
  </datafield>
</record>
</collection>
